@Article{art:Lander,
author = {Lander, E. et al.},
title = {Initial sequencing and analysis of the human genome.},
journal = {Nature},
year = {2001},
volume = {409},
number = {6822},
pages = {860-921}
}

@Article{art:Venter,
author = {Venter, J.C. et al.},
title = {The sequence of the human genome.},
journal = {Science},
year = {2001},
volume = {291},
number = {5507},
pages = {1304–1351}
}

@Article{art:Compeau,
author = {Compeau, P. E. C. and Pevzner, P. A. and Tesler, G},
title = {How to apply de Bruijn graphs to genome assembly.},
journal = {Nature Biotechnology},
year = {2011},
volume = {29},
number = {11},
pages = {987–991}
}

@Article{art:ex:Ghurye1,
author = {Ghurye, J. and Pop, M.},
title = {Modern technologies and algorithms for scaffolding assembled genomes.},
journal = {PLOS Computational Biology},
year = {2019},
volume = {15},
number = {6}
}

@Article{art:ex:Nagarajan,
author = {Nagarajan, N. and Pop, M.},
title = {Sequence assembly demystified.},
journal = {Nature Reviews Genetics},
year = {2013},
volume = {14},
number = {3},
pages = {157–167}
}

@Article{art:ex:Ghurye2,
author = {Ghurye, J. and Cepeda-Espinoza, V. and Pop, M.},
title = {Metagenomic Assembly: Overview, Challenges and Applications.},
journal = {Yale Journal of Biology and Medicine},
year = {2016},
volume = {89},
number = {3},
pages = {353–362}
}

@Article{art:ex:Miller,
author = {Miller, J. R. and Koren, S. and Sutton, G.},
title = {Assembly algorithms for next-generation sequencing data.},
journal = {Genomics},
year = {2010},
volume = {95},
number = {6},
pages = {315–327}
}

@Article{art:ex:Simpson,
author = {Simpson, J. T. and Pop, M.},
title = {The Theory and Practice of Genome Sequence Assembly.},
journal = {Annual Review of Genomics and Human Genetics},
year = {2015},
volume = {16},
number = {1},
pages = {153-172}
}

@Article{art:ex:Schatz,
author = {Schatz, M. C. and Delcher, A. L. and Salzberg, S. L.},
title = {Assembly of large genomes using second-generation sequencing.},
journal = {Genomics},
year = {2010},
volume = {20},
number = {9},
pages = {1165-1173}
}

@Article{art:ex:Alkan,
author = {Alkan, C. and Coe, B. P. and Eichler, E. E.},
title = {Genome structural variation discovery and genotyping.},
journal = {Nature Reviews Genetics},
year = {2011},
volume = {12},
number = {5},
pages = {363–376}
}

@Article{art:ex:Chaisson,
author = {Chaisson, M. J. P. and Wilson, R. K. and Eichler, E. E.},
title = {Genetic variation and the de novo assembly of human genomes.},
journal = {Nature Reviews Genetics},
year = {2015},
volume = {16},
number = {11},
pages = {627–640}
}

@Article{art:ex:Sedlazeck,
author = {Sedlazeck, F. J. and Lee, H. and Darby, C. A. and Schatz, M. C.},
title = {Piercing the dark matter: bioinformatics of long-range sequencing and mapping.},
journal = {Nature Reviews Genetics},
year = {2018},
volume = {19},
number = {6},
pages = {329–346}
}

@Article{art:Pevzner,
author = {Pevzner, P. A. and Tang, H. and Waterman, M. S.},
title = {An Eulerian path approach to DNA fragment assembly.},
journal = {Proceedings of the National Academy of Sciences},
year = {2001},
volume = {98},
number = {17},
pages = {9748–9753}
}

@Article{art:Watson,
author = {Watson, J. D. and Crick, F. H. C.},
title = {Molecular Structure of Nucleic Acids: A Structure for Deoxyribose Nucleic Acid.},
journal = {Nature},
year = {1953},
volume = {171},
number = {4356},
pages = {737–738}
}

@Article{art:SPAdes,
author = {Bankevich, A. et al.},
title = {SPAdes: A New Genome Assembly Algorithmand Its Applications to Single-Cell Sequencing.},
journal = {Journal of Computational Biology},
year = {2012},
volume = {19},
number = {5},
pages = {455–477}
}

@Article{art:assemblers_cmp,
author = {Magoc, T. et al.},
title = {GAGE-B: an evaluation of genome assemblers for bacterial organisms.},
journal = {Bioinformatics},
year = {2013},
volume = {29},
number = {14},
pages = {1718–1725}
}

@Article{art:QUAST,
author = {Gurevich, A. and Saveliev, V. and Vyahhi, N. and Tesler, G.},
title = {QUAST: quality assessment tool for genome assemblies.},
journal = {Bioinformatics},
year = {2013},
volume = {29},
number = {8},
pages = {1072–1075}
}


@article{art:disser_andrey,
  title={Разработка алгоритмов для сборки геномов и транскриптомов},
  author={Пржибельский, Андрей Дмитриевич},
  year={2020}
}

@Article{art:flye,
author = {Kolmogorov, M. and Yuan, J. and Lin, Y. and Pevzner, P. A.},
title = "{Assembly of long, error-prone reads using repeat graphs.}",
journal = {Nature Biotechnology},
year = {2019},
volume = {37},
pages = {540–546},
}

@Article{art:reads,
author = {Buermans, H. P. J. and den Dunnen, J. T.},
title = "{Next generation sequencing technology: Advances and applications.}",
journal = {Biochimica et Biophysica Acta (BBA) - Molecular Basis of Disease},
year = {2014},
volume = {1842},
number = {10},
pages = {1932–1941},
}

@book{art:helinski2012plasmids,
  title={Plasmids in bacteria},
  author={Helinski, Donald R},
  volume={30},
  year={2012},
  publisher={Springer Science \& Business Media}
}

@article{art:patel2012ngs,
  title={NGS QC Toolkit: a toolkit for quality control of next generation sequencing data},
  author={Patel, Ravi K and Jain, Mukesh},
  journal={PloS one},
  volume={7},
  number={2},
  year={2012},
  publisher={Public Library of Science}
}

@article{art:spaligner,
  title={SPAligner: alignment of long diverged molecular sequences to assembly graphs},
  author={Dvorkina, Tatiana and Antipov, Dmitry and Korobeynikov, Anton and Nurk, Sergey},
  journal={BioRxiv},
  pages={744755},
  year={2019},
  publisher={Cold Spring Harbor Laboratory}
}

@article{art:graphaligner,
  title={GraphAligner: Rapid and Versatile Sequence-to-Graph Alignment},
  author={Rautiainen, Mikko and Marschall, Tobias},
  journal={BioRxiv},
  pages={810812},
  year={2019},
  publisher={Cold Spring Harbor Laboratory}
}

@article{art:metaquast,
  title={MetaQUAST: evaluation of metagenome assemblies},
  author={Mikheenko, Alla and Saveliev, Vladislav and Gurevich, Alexey},
  journal={Bioinformatics},
  volume={32},
  number={7},
  pages={1088--1090},
  year={2016},
  publisher={Oxford University Press}
}

@article{art:exspander,
  title={ExSPAnder: a universal repeat resolver for DNA fragment assembly},
  author={Prjibelski, Andrey D and Vasilinetc, Irina and Bankevich, Anton and Gurevich, Alexey and Krivosheeva, Tatiana and Nurk, Sergey and Pham, Son and Korobeynikov, Anton and Lapidus, Alla and Pevzner, Pavel A},
  journal={Bioinformatics},
  volume={30},
  number={12},
  pages={i293--i301},
  year={2014},
  publisher={Oxford University Press}
}

@article{art:vasilinetc2015assembling,
  title={Assembling short reads from jumping libraries with large insert sizes},
  author={Vasilinetc, Irina and Prjibelski, Andrey D and Gurevich, Alexey and Korobeynikov, Anton and Pevzner, Pavel A},
  journal={Bioinformatics},
  volume={31},
  number={20},
  pages={3262--3268},
  year={2015},
  publisher={Oxford University Press}
}

@article{art:hybridspades,
  title={hybridSPAdes: an algorithm for hybrid assembly of short and long reads},
  author={Antipov, Dmitry and Korobeynikov, Anton and McLean, Jeffrey S and Pevzner, Pavel A},
  journal={Bioinformatics},
  volume={32},
  number={7},
  pages={1009--1015},
  year={2016},
  publisher={Oxford University Press}
}

@article{sohn2018present,
  title={The present and future of de novo whole-genome assembly},
  author={Sohn, Jang-il and Nam, Jin-Wu},
  journal={Briefings in bioinformatics},
  volume={19},
  number={1},
  pages={23--40},
  year={2018},
  publisher={Oxford University Press}
}

@article{art:simpson2015theory,
  title={The theory and practice of genome sequence assembly},
  author={Simpson, Jared T and Pop, Mihai},
  journal={Annual review of genomics and human genetics},
  volume={16},
  year={2015}
}

@article{art:collins2018challenge,
  title={The Challenge of Genome Sequence Assembly},
  author={Collins, Andrew},
  journal={The Open Bioinformatics Journal},
  volume={11},
  number={1},
  year={2018}
}

@article{art:zimin2013masurca,
  title={The MaSuRCA genome assembler},
  author={Zimin, Aleksey V and Mar{\c{c}}ais, Guillaume and Puiu, Daniela and Roberts, Michael and Salzberg, Steven L and Yorke, James A},
  journal={Bioinformatics},
  volume={29},
  number={21},
  pages={2669--2677},
  year={2013},
  publisher={Oxford University Press}
}

@article{art:sommer2007minimus,
  title={Minimus: a fast, lightweight genome assembler},
  author={Sommer, Daniel D and Delcher, Arthur L and Salzberg, Steven L and Pop, Mihai},
  journal={BMC bioinformatics},
  volume={8},
  number={1},
  pages={64},
  year={2007},
  publisher={Springer}
}

@inproceedings{art:georganas2015hipmer,
  title={HipMer: an extreme-scale de novo genome assembler},
  author={Georganas, Evangelos and Bulu{\c{c}}, Ayd{\i}n and Chapman, Jarrod and Hofmeyr, Steven and Aluru, Chaitanya and Egan, Rob and Oliker, Leonid and Rokhsar, Daniel and Yelick, Katherine},
  booktitle={SC'15: Proceedings of the International Conference for High Performance Computing, Networking, Storage and Analysis},
  pages={1--11},
  year={2015},
  organization={IEEE}
}

@article{art:batzoglou2002arachne,
  title={ARACHNE: a whole-genome shotgun assembler},
  author={Batzoglou, Serafim and Jaffe, David B and Stanley, Ken and Butler, Jonathan and Gnerre, Sante and Mauceli, Evan and Berger, Bonnie and Mesirov, Jill P and Lander, Eric S},
  journal={Genome research},
  volume={12},
  number={1},
  pages={177--189},
  year={2002},
  publisher={Cold Spring Harbor Lab}
}

@inproceedings{art:abu2015spaler,
  title={Spaler: Spark and graphx based de novo genome assembler},
  author={Abu-Doleh, Anas and {\c{C}}ataly{\"u}rek, {\"U}mit V},
  booktitle={2015 IEEE International Conference on Big Data (Big Data)},
  pages={1013--1018},
  year={2015},
  organization={IEEE}
}

% =====================================================

@article{art:alic2016objective,
  title={Objective review of de novo stand-alone error correction methods for NGS data},
  author={Alic, Andy S and Ruzafa, David and Dopazo, Joaquin and Blanquer, Ignacio},
  journal={Wiley Interdisciplinary Reviews: Computational Molecular Science},
  volume={6},
  number={2},
  pages={111--146},
  year={2016},
  publisher={Wiley Online Library}
}

@article{art:salmela2014lordec,
  title={LoRDEC: accurate and efficient long read error correction},
  author={Salmela, Leena and Rivals, Eric},
  journal={Bioinformatics},
  volume={30},
  number={24},
  pages={3506--3514},
  year={2014},
  publisher={Oxford University Press}
}

@article{art:idury1995new,
  title={A new algorithm for DNA sequence assembly},
  author={Idury, Ramana M and Waterman, Michael S},
  journal={Journal of computational biology},
  volume={2},
  number={2},
  pages={291--306},
  year={1995}
}

@article{art:limasset2020toward,
  title={Toward perfect reads: self-correction of short reads via mapping on de Bruijn graphs},
  author={Limasset, Antoine and Flot, Jean-Fran{\c{c}}ois and Peterlongo, Pierre},
  journal={Bioinformatics},
  volume={36},
  number={5},
  pages={1374--1381},
  year={2020},
  publisher={Oxford University Press}
}

@article{art:miclotte2016jabba,
  title={Jabba: hybrid error correction for long sequencing reads},
  author={Miclotte, Giles and Heydari, Mahdi and Demeester, Piet and Rombauts, Stephane and Van de Peer, Yves and Audenaert, Pieter and Fostier, Jan},
  journal={Algorithms for Molecular Biology},
  volume={11},
  number={1},
  pages={1--12},
  year={2016},
  publisher={BioMed Central}
}

@article{art:morisse2018hybrid,
  title={Hybrid correction of highly noisy long reads using a variable-order de Bruijn graph},
  author={Morisse, Pierre and Lecroq, Thierry and Lefebvre, Arnaud},
  journal={Bioinformatics},
  volume={34},
  number={24},
  pages={4213--4222},
  year={2018},
  publisher={Oxford University Press}
}

@article{art:wang2018fmlrc,
  title={FMLRC: Hybrid long read error correction using an FM-index},
  author={Wang, Jeremy R and Holt, James and McMillan, Leonard and Jones, Corbin D},
  journal={BMC bioinformatics},
  volume={19},
  number={1},
  pages={1--11},
  year={2018},
  publisher={Springer}
}

@article{art:haghshenas2016colormap,
  title={Colormap: Correcting long reads by mapping short reads},
  author={Haghshenas, Ehsan and Hach, Faraz and Sahinalp, S Cenk and Chauve, Cedric},
  journal={Bioinformatics},
  volume={32},
  number={17},
  pages={i545--i551},
  year={2016},
  publisher={Oxford University Press}
}

@article{art:morisse2020long,
  title={Long-read error correction: a survey and qualitative comparison},
  author={Morisse, Pierre and Lecroq, Thierry and Lefebvre, Arnaud},
  journal={BioRxiv},
  year={2020},
  publisher={Cold Spring Harbor Laboratory}
}

@article{art:zook2016extensive,
  title={Extensive sequencing of seven human genomes to characterize benchmark reference materials},
  author={Zook, Justin M and Catoe, David and McDaniel, Jennifer and Vang, Lindsay and Spies, Noah and Sidow, Arend and Weng, Ziming and Liu, Yuling and Mason, Christopher E and Alexander, Noah and others},
  journal={Scientific data},
  volume={3},
  number={1},
  pages={1--26},
  year={2016},
  publisher={Nature Publishing Group}
}

@article{art:zhang2020comprehensive,
  title={A comprehensive evaluation of long read error correction methods},
  author={Zhang, Haowen and Jain, Chirag and Aluru, Srinivas},
  journal={BMC genomics},
  volume={21},
  number={6},
  pages={1--15},
  year={2020},
  publisher={Springer}
}

@article{art:holley2021ratatosk,
  title={Ratatosk: hybrid error correction of long reads enables accurate variant calling and assembly},
  author={Holley, Guillaume and Beyter, Doruk and Ingimundardottir, Helga and M{\o}ller, Peter L and Kristmundsdottir, Sn{\ae}dis and Eggertsson, Hannes P and Halldorsson, Bjarni V},
  journal={Genome Biology},
  volume={22},
  number={1},
  pages={1--22},
  year={2021},
  publisher={BioMed Central}
}
